From https://graphthinking.blogspot.com/2021/10/structuring-email-content-for.html

https://writingcenter.unc.edu/tips-and-tools/effective-e-mail-communication/

https://www.writebetteremails.com/articles.htm


@book{_Roche,
year={},
publisher={},
title={Business Email},
author={M. Roche},
url={https://www.goodreads.com/book/show/45445002-business-email}
}

@book{_Roche,
year={},
publisher={},
title={Email Writing: Advanced},
author={M. Roche},
url={tps://www.goodreads.com/book/show/55936634-email-writing},
}

@book{_Osman,
year={},
publisher={},
title={Don't Reply All},
author={H. Osman},
url={tps://www.goodreads.com/book/show/28074149-don-t-reply-all},
}

@book{_Rubin,
year={},
publisher={},
title={Wait, How Do I Write This Email?},
author={D. Rubin},
url={tps://www.goodreads.com/book/show/27510890-wait-how-do-i-write-this-email},
}

@book{_Booher,
year={},
publisher={},
title={Faster, Fewer, Better Emails},
author={D. Booher},
url={tps://www.goodreads.com/book/show/42368481-faster-fewer-better-emails},
}

@book{_Terk,
year={},
publisher={},
title={Effective Email},
author={N. Terk},
url={tps://www.goodreads.com/book/show/20751045-effective-email},
}

@book{_Reddy,
year={},
publisher={},
title={How to Write Effective Emails at Work},
author={R. Reddy},
pages={35},
url={tps://www.goodreads.com/book/show/36283972-how-to-write-effective-emails-at-work},
}

@book{_Luong,
year={},
publisher={},
title={Email Writing Secrets},
author={J. Luong},
url={https://www.goodreads.com/book/show/23692878-email-writing-secrets---win-at-work-with-powerful-effective-and-concis},
}

@book{_Taylor,
year={},
publisher={},
title={Email Essentials},
author={S. Taylor},
url={tps://www.goodreads.com/book/show/34844828-email-essentials},
}

@book{2011_Greaves,
year={2011},
publisher={},
title={The Effective Business Email Writing Formula in 7 Easy Steps},
author={A. Greaves},
url={tps://www.goodreads.com/book/show/19448732-the-effective-business-email-writing-formula-in-7-easy-steps}
}