@article{mifflin:semismooth,
    author    = "R. Mifflin",
    title     = "Semismooth and semiconvex functions in constrained
	         optimization",
    journal   = "Siam Journal on Control",
    year      = "1977",
    volume    = "15",
    pages     = "957--972",
    annote    = "{This is the first appearance in the literature of the
                  concept of a semismooth function.  Semismooth functions 
                  are closed under addition and composition, and also 
                  guarantee the local convergence of nonsmooth 
                  generalizations of Newton's method.}"
 }
 
 
 % from https://graphthinking.blogspot.com/2020/02/references-for-my-book-on-how-to-be.html
 % https://hbr.org/1983/09/moral-mazes-bureaucracy-and-managerial-work
% The links and references in https://news.ycombinator.com/item?id=22339190 also look useful

% https://github.com/VGraupera/1on1-questions
% https://news.ycombinator.com/item?id=22341138

% https://graphthinking.blogspot.com/2021/04/reading-list-for-professional.html


% https://hn.algolia.com/?q=mythical+man
% https://news.ycombinator.com/item?id=3146921
@book{1975_brooks,
title={The~Mythical~Man-Month},
author={F.~Brooks},
year={1975},
url={https://en.wikipedia.org/wiki/The_Mythical_Man-Month},
publisher={Addison-Wesley},
annote={A classic guide to project management.}
}

% https://github.com/dwmkerr/hacker-laws

% https://graphthinking.blogspot.com/2021/04/reading-list-for-professional.html
@book{1995_Grove,
author={A.~Grove},
year={1995},
publisher={Vintage},
title={High Output Management},
url={https://www.goodreads.com/en/book/show/324750}
}

% https://www.amazon.com/Managing-Humans-Humorous-Software-Engineering/dp/1430243147
@book{2012_lopp,
title={Managing Humans: Biting and Humorous Tales of a Software Engineering Manager},
author={M.~Lopp},
publisher={Apress},
year={2012}
}


% from https://graphthinking.blogspot.com/2021/07/bureaucracy-book-similar-published.html

% https://www.goodreads.com/book/show/63068.The_Bureaucratic_Entrepreneur https://www.amazon.com/Bureaucratic-Entrepreneur-Effective-Unruly-Organization/dp/0815733534 - too high-level, too light

% https://www.goodreads.com/book/show/963761.Street_Level_Bureaucracy

% https://www.goodreads.com/book/show/53225594-the-delicate-art-of-bureaucracy

% https://www.goodreads.com/book/show/52543960-everything-you-ever-wanted-to-know-about-bureaucracy-but-were-afraid-to - outsider's perspective on Indian bureaucracy

% https://www.goodreads.com/book/show/22245334-the-utopia-of-rules - historical focus

% https://www.goodreads.com/book/show/154409.Bureaucracy - libertarian take on relevance of government

% https://www.goodreads.com/book/show/62553.Bureaucracy - an external perspective on how government works