
[DONE] https://graphthinking.blogspot.com/2021/04/reading-list-for-professional.html
[DONE] https://graphthinking.blogspot.com/2020/02/references-for-my-book-on-how-to-be.html
[DONE] https://graphthinking.blogspot.com/2021/07/bureaucracy-book-similar-published.html
[DONE] https://graphthinking.blogspot.com/2018/05/literature-review-for-thinking-about.html

 ***************
% https://hbr.org/1983/09/moral-mazes-bureaucracy-and-managerial-work
% The links and references in https://news.ycombinator.com/item?id=22339190 also look useful

**************
References I'm NOT going to include
https://github.com/LappleApple/awesome-leading-and-managing
https://github.com/kdeldycke/awesome-engineering-team-management
https://github.com/ankitjaininfo/awesome-managers
https://github.com/pdfernhout/High-Performance-Organizations-Reading-List

***************



@book{1975_brooks,
title={The~Mythical~Man-Month},
author={F.~Brooks},
year={1975},
url={https://en.wikipedia.org/wiki/The_Mythical_Man-Month},
publisher={Addison-Wesley},
annote={A classic guide to project management.},
NOT_A_KEY={
see also
 https://hn.algolia.com/?q=mythical+man
 https://news.ycombinator.com/item?id=3146921
}
}



@book{1995_Grove,
author={A.~Grove},
year={1995},
publisher={Vintage},
title={High Output Management},
url={https://www.goodreads.com/en/book/show/324750},
annote={rating: classic}
}

% https://www.amazon.com/Managing-Humans-Humorous-Software-Engineering/dp/1430243147
@book{2012_lopp,
title={Managing Humans: Biting and Humorous Tales of a Software Engineering Manager},
author={M.~Lopp},
publisher={Apress},
year={2012}
}



%  https://www.amazon.com/Bureaucratic-Entrepreneur-Effective-Unruly-Organization/dp/0815733534
@book{1999_Haass,
title={The Bureaucratic Entrepreneur: How to Be Effective in Any Unruly Organization},
author={R.~Haass},
year={1999},
publisher={Brookings Institution Press},
url={https://www.goodreads.com/book/show/63068.The_Bureaucratic_Entrepreneur},
annote={too high-level, too light}
}



@book{1983_Lipsky,
title={Street-Level Bureaucracy: The Dilemmas of the Individual in Public Service},
author={M.~Lipsky},
year={1983},
publisher={Russell Sage Foundation},
url={https://www.goodreads.com/book/show/963761.Street_Level_Bureaucracy},
annote={See \S~\ref{review:lipsky_street}}
}


@book{2020_Schwartz,
title={The Delicate Art of Bureaucracy: Digital Transformation with the Monkey, the Razor, and the Sumo Wrestler},
author={M.~Schwartz},
year={2020},
publisher={IT Revolution Press},
url={https://www.goodreads.com/book/show/53225594-the-delicate-art-of-bureaucracy}
}

@book{2019_Raghunandan,
title={Everything You Ever Wanted to Know about Bureaucracy But Were Afraid to Ask},
author={T.~R.~Raghunandan},
year={2019},
url={https://www.goodreads.com/book/show/52543960-everything-you-ever-wanted-to-know-about-bureaucracy-but-were-afraid-to},
publisher={Penguin},
annote={Indian bureaucracy}
}

@book{2015_Graeber,
title={The Utopia of Rules: On Technology, Stupidity, and the Secret Joys of Bureaucracy},
author={D.~Graeber},
year={2015},
publisher={Melville House},
url={https://www.goodreads.com/book/show/22245334-the-utopia-of-rules},
annote={See \S~\ref{review:graeber_utopia}}
}



@book{1996_Mises,
title={Bureaucracy},
author={L.~von~Mises},
year={1996},
publisher={Libertarian Press, Inc.},
url={https://www.goodreads.com/book/show/154409.Bureaucracy},
NOT_A_KEY={https://en.wikipedia.org/wiki/Bureaucracy_(book)},
annote={Libertarian take on relevance of government; see \S~\ref{review:vonMises_bur}}
}

@book{1991_Wilson,
title={Bureaucracy: What Government Agencies Do and Why They Do It},
author={J.~Q.~Wilson},
year={1991},
publisher={Basic Books},
url={https://www.goodreads.com/book/show/62553.Bureaucracy},
annote={An external perspective on how government works.}
}

@techreport{2012_Valve,
title={Valve handbook},
author={unknown},
publisher={Valve Press},
year={2012},
institution={Valve},
url={https://cdn.akamai.steamstatic.com/apps/valve/Valve_NewEmployeeHandbook.pdf},
annote={An Employee Handbook for a flat organic organization. Contrast with \cite{1972_Joreen}.}
}

@techreport{1972_Joreen,
title={Tyranny of structurelessness}, 
institution={none},
author={Joreen},
year={1972},
url={https://www.jofreeman.com/joreen/tyranny.htm},
annote={rating: classic},
NOT_A_KEY={https://en.wikipedia.org/wiki/The_Tyranny_of_Structurelessness}
}

@techreport{1966_Downs,
title={Bureaucratic Structure and Decisionmaking},
author={Anthony Downs},
year={1966},
institution={Rand Corporation},
url={https://www.rand.org/content/dam/rand/pubs/research_memoranda/2007/RM4646-1.pdf},
annote={}
}

@techreport{2011_Deloitte_IYD,
title={It's your decision},
year={2011},
author={T.~McDowell and J.~Radin},
institution={Deloitte},
url={https://www2.deloitte.com/content/dam/Deloitte/us/Documents/human-capital/us-cons-organization-decision-making-051111.pdf}
}

@book{2005_DuGay,
title={Values of Bureaucracy},
author={P.~Du~Gay},
year={2005},
publisher={Oxford University Press},
url={https://www.goodreads.com/book/show/9273308-the-values-of-bureaucracy},
annote={See \S~\ref{review:dugay_values}}
}

@book{1994_Farazmand,
title={Handbook of Bureaucracy},
author={A.~Farazmand},
year={1994},
publisher={Routledge},
url={https://www.routledge.com/Handbook-of-Bureaucracy/Farazmand/p/book/9780824791827},
annote={See \S~\ref{review:farazmand_handbook}}
}


book{2010_Durant,
title={Oxford Handbook of American Bureaucracy},
author={R.~F.~Durant},
year={2010},
publisher={},
url={},
annote={}
}

@book{1955_Blau,
title={Dynamics of Bureaucracy},
author={P.~Blau},
year={1955},
publisher={University of Chicago Press}
}

@book{2015_OHearn,
title={Bureaucrat's Handbook: A Step-by-Step Guide to Mastering the Art of Bureaucracy},
author={D.~O'Hearn},
year={2015},
publisher={Createspace Independent Publishing Platform},
url={}
}



@book{2019_Hupe,
title={Research Handbook on Street-Level Bureaucracy: The Ground Floor of Government in Context},
author={P.~Hupe},
year={2019},
publisher={Edward Elgar Publishing},
url={}
}

@book{2002_Gall,
title={The Systems Bible},
author={J.~Gall},
year={2002},
publisher={General Systemantics Press},
annote={Humans have \href{https://en.wikipedia.org/wiki/OODA_loop}{OODA loops}. A system, here a collection of people, is an abstraction which seems to have an OODA loop -- all the elements of OODA appear to be present in the abstraction. However, the reality is that each participant in the system has an OODA loop and there is an emergent phenomenon.
``A complex system that works is invariably found to have evolved from a simple system that worked. A complex system designed from scratch never works and cannot be patched up to make it work. You have to start over with a working simple system.'' \href{https://en.wikipedia.org/wiki/John_Gall_(author)#Gall's_law}{source}
},
NOT_A_KEY={
See https://graphthinking.blogspot.com/2016/03/how-to-evolve-organization-community-or.html
and https://graphthinking.blogspot.com/2016/03/take-aways-from-systems-bible.html
}
}

@book{2003_DeMarco,
title={Waltzing with Bears},
author={T.~DeMarco and Lister},
year={2003},
publisher={Dorset House},
url={https://geoffmazeroff.com/2017/12/03/summary-waltzing-with-bears-managing-risk-on-software-projects/},
annote={A useful analysis of risk.}
}


@book{2004_Brandon,
title={Survival of the Savvy},
author={R.~Brandon and M.~Seldman},
year={2004},
publisher={Free Press},
url={https://www.goodreads.com/book/show/1233511.Survival_of_the_Savvy},
annote={The book relies on cliches, pop culture references, and antecdotes to convince readers that organizational politics can be conducted ethically. The are no studies or citations. 
The central thesis of the book is an image on page 55 showing a spectrum from ``power of ideas" to ``power of person" with ``power of savvy" in the middle.}
}


@article{1982_Lutzker,
title={Max Weber and the Analysis of Modern Bureaucratic Organization: Notes Toward a Theory of Appraisal},
journal={American Archivist},
volume={45},
author={M.~A.~Lutzker},
number={2},
year={1982},
pages={119--130},
url={http://www.americanarchivist.org/doi/pdf/10.17723/aarc.45.2.n05v8735408776qh?code=same-site},
annote={}
}

@book{2009_Jackall,
title={Moral Mazes: The World of Corporate Managers},
author={R.~Jackall},
year={2009},
publisher={Oxford University Press},
url={},
annote={}
}

@book{2020_Vine,
title={Bureaucracy: A Key Idea for Business and Society},
author={T.~Vine},
year={2020},
publisher={Taylor and Francis Group},
url={https://www.routledge.com/Bureaucracy-A-Key-Idea-for-Business-and-Society/Vine/p/book/9781138483316},
annote={}
}

@article{2021_Spaeder,
title={The Principles of Bureaucratic Leadership},
author={L.~Spaeder},
year={2021},
journal={Marine Corps Gazette},
url={https://mca-marines.org/wp-content/uploads/The-Priniciples-of-Bureaucratic-Leadership.pdf},
annote={}
}

@book{2018_Ivanov,
title={Theory of Managerial Organization},
author={S.~Ivanov},
year={2018},
publisher={KSP Books},
url={},
annote={}
}


@book{1976_Jacques,
title={A General Theory of Bureaucracy},
author={E.~Jacques},
year={1976},
publisher={University of Michigan Press},
url={},
annote={}
}

@book{1965_Tullock,
title={Politics of Bureaucracy},
author={G.~Tullock},
year={1965},
publisher={Public Affairs Press},
url={},
annote={}
}

@book{1973_Jacoby,
title={The Bureaucratization of the World},
author={H.~Jacoby},
year={1973},
publisher={University of California Press},
url={},
annote={}
}

@book{1982_Fishall,
title={Bureaucrats: How to Annoy Them},
author={R.~T.~Fishall},
year={1982},
publisher={Arrow Books},
url={},
annote={``A now-classic text on how to flummox and discomfit bureaucrats, widely rumored to be by British astronomer and BBC host Sir Patrick Moore.'' from \cite{2015_Graeber}}
}

book{2008_Jaffee,
title={Organization theory: tension and change},
author={D.~Jaffee and K.~Friedman},
year={},
publisher={McGraw Hill},
url={},
annote={``this book provides the most current and concise analysis of the development and evolution of organizational theories, forms, and practices, from the rise of the factory system to the emergence of the virtual global organization. Using a wide variety of examples and applications from private- and public-sector organizations, the text emphasizes the tensions, contradictions, and paradoxes inherent in all organizational arrangements. In addition to the classic themes such as scientific management, human relations, rational bureaucratic models, and environmental models, the book explores emerging organizational forms based on lean and flexible production, post-bureaucracy, alliancess, and networks, virtual organization and information technologies, corporate cultures, learning organizations, transnational commodity chains, and post-modernism.'' from https://www.worldcat.org/title/organization-theory-tension-and-change/oclc/749288110}
}

@article{1959_Lindblom,
title={The Science of Muddling Through},
author={C.~Lindblom},
year={1959},
journal={Public Administration Review},
publisher={Blackwell Publishing},
volume={19},
pages={79--88},
url={},
annote={``the U.S. executive bureaucracy uses limited policy analysis, bounded rationality, and limited or no theory at all in formulating policy.'' ... ``Lindblom took issue with the so-called `rational-comprehensive' approach that had dominated research and teaching in public administration.'' \footnote{https://texaspolitics.utexas.edu/archive/html/bur/features/0303\_02/muddling.html}}
}

@article{1977_Perrow,
title={The bureaucratic paradox: The efficient organization centralizes in order to decentralize},
author={C.~Perrow},
pages={3--14},
journal={Organizational Dynamics},
year={1977},
volume={5},
issue={4},
publisher={},
url={https://doi.org/10.1016/0090-2616(77)90036-5},
annote={}
}



template:
book{_,
title={},
author={},
year={},
publisher={},
url={},
annote={}
}
